@misc{jbbf,
	author = {日本ボディビル・フィットネス連盟},
	title = {2022年度 事業報告書,2021年度 事業報告書},
	url = {https://www.jbbf.jp/Sokai/_Sokai.html},
  note     = {\url{https://www.jbbf.jp/Sokai/_Sokai.html}},
}
@misc{bodybuilding,
	author = {日本ボディビル・フィットネス連盟},
	title = {What is a Bodybuilding?},
	url = {https://www.jbbf.jp/Other/JBBF_Gaiyo.html},
  note       = {\url{https://www.jbbf.jp/Other/JBBF_Gaiyo.html}},
}
@techreport{openpose,
	author = {Zhe Cao and Tomas Simon and Shih-En Wei and Yaser Sheikh},
	title = {Realtime Multi-Person 2D Pose Estimation using Part Affinity Fields},
	year = {2016},
	month = {November},
	url = {https://arxiv.org/pdf/1611.08050.pdf},
	note = {\url{https://arxiv.org/pdf/1611.08050.pdf}},
}

@misc{git_openpose,
    title= {OpenPose},
    note = {\url{https://github.com/CMU-Perceptual-Computing-Lab/openpose}},
}
@techreport{Relatedresearch1,
	author = {鎌田 夏輝, 柴原 匠棋, 林 康弘},
	title = {OpenPose を用いた姿勢差分の算出によるパーソナルバーチャルトレーニングシステム},
	year = {2020},
	url = {https://www.jsise.org/society/presentation/2020/pdf/01_hokkaido/a08.pdf},
	note = {\url{https://www.jsise.org/society/presentation/2020/pdf/01_hokkaido/a08.pdf}},
}
@inproceedings{Relatedresearch2,
  title={姿勢推定手法を活用したリアルタイム運動訓練支援環境},
  author={岡本勝 and 礒村智将 and 松原行宏},
  booktitle={人工知能学会全国大会論文集 第 30 回 (2016)},
  pages={1C4OS13a1--1C4OS13a1},
  year={2016},
  organization={一般社団法人 人工知能学会}
}


@misc{nagoyahml_feedback,
    author = {名古屋大学運動学習科学研究室},
    title = {フィードバックは諸刃の剣？},
    url = {https://nagoya-hml.com/10-2/},
    note         = {\url{https://nagoya-hml.com/10-2/}},

}

@misc{mediapipe_pose_landmarker,
    author = {Google},
    title = {MediaPipe Pose Landmarker},
    url = {https://developers.google.com/mediapipe/solutions/vision/pose_landmarker},
    note = {\url{https://developers.google.com/mediapipe/solutions/vision/pose_landmarker}},
}

@misc{posing_performance_jbbf,
    author = {中尾尚志},
    title = {ポージングとパフォーマンス},
    organization = {公益社団法人 日本ボディビル・フィットネス連盟},
    note = {\url{https://www.jbbf.jp/download/rule/201603a_Posing_Performance.pdf }},
    url = {https://www.jbbf.jp/download/rule/201603a_Posing_Performance.pdf},
    year = {2016}
}
@article{guidance_hypothesis,
  title={Knowledge of results and motor learning: a review and critical reappraisal.},
  author={Salmoni, Alan W and Schmidt, Richard A and Walter, Charles B},
  journal={Psychological bulletin},
  volume={95},
  number={3},
  pages={355},
  year={1984},
  publisher={American Psychological Association}
}

@inproceedings{soccer_openpose,
  title={OpenPose を用いたサッカー熟練度の分類},
  author={金子和樹},
  booktitle={人工知能学会全国大会論文集 第 34 回 (2020)},
  pages={3M5GS1205--3M5GS1205},
  year={2020},
  organization={一般社団法人 人工知能学会}
}

@article{Aoyagi2019,
  title={Feedback protocol of ‘fading knowledge of results’ is effective for prolonging motor learning retention},
  author={Aoyagi, Yoichiro and Ohnishi, Eri and Yamamoto, Yoshinori and Kado, Naoki and Suzuki, Toshiaki and Ohnishi, Hitoshi and Hokimoto, Nozomi and Fukaya, Naomi},
  journal={Journal of Physical Therapy Science},
  volume={31},
  number={8},
  pages={687--691},
  year={2019},
  publisher={The Society of Physical Therapy Science},
  note={\url{https://www.jstage.jst.go.jp/article/jpts/31/8/31_jpts-2019-069/_article/-char/ja/}},
}

@article{Young1992,
  title={Augmented Kinematic Feedback for Motor Learning},
  author={Young, D. E. and Schmidt, R. A.},
  journal={Journal of Motor Behavior},
  volume={24},
  number={3},
  pages={261--273},
  year={1992},
  publisher={Taylor & Francis},
  doi={10.1080/00222895.1992.9941621},
  month={Sep},
  note={PMID: 12736131},
  issn={1940-1027 (Electronic), 0022-2895 (Linking)},
  language={English},
  abstract={Although the study of feedback about goal achievement (knowledge of results, KR) ... [truncated for brevity] ... in ways parallel to KR.},
  address={United States}
}

@misc{JBBF2023,
  title        = {JBBF競技ルールマニュアル},
  author       = {{日本ボディビル・フィットネス連盟}},
  year         = {2023},
  howpublished = {\url{https://www.jbbf.jp/Taikai/Championships_Rule/_Rule.html}},
}

@misc{PCK,
  title = {Human Pose Estimation 101,Percentage of Correct Key-points - PCK},
  auther = {Sudharshan Chandra Babu},
  url          = {https://github.com/cbsudux/Human-Pose-Estimation-101?tab=readme-ov-file#percentage-of-correct-key-points---pck},
  note         = {\url{https://github.com/cbsudux/Human-Pose-Estimation-101?tab=readme-ov-file#percentage-of-correct-key-points---pck}},

}

@misc{pose-estimation-quality,
  title = {Pose Estimation Quality},
  url          = {https://github.com/google/mediapipe/blob/master/docs/solutions/pose.md#pose-estimation-quality},
  note         = {\url{https://github.com/google/mediapipe/blob/master/docs/solutions/pose.md#pose-estimation-quality}},
}

@misc{Model-Accuracy-by-Race,
  title = {Model Card BlazePose GHUM 3D},
  url          = {https://storage.googleapis.com/mediapipe-assets/Model%20Card%20BlazePose%20GHUM%203D.pdf},
  note         = {\url{https://storage.googleapis.com/mediapipe-assets/Model%20Card%20BlazePose%20GHUM%203D.pdf}},
  author = {Google},

}